@misc{educamix_capacidad,
  author       = {{Educamix}},
  title        = {{Tablas de capacidad calorífica, térmica y factores de conversión}},
  howpublished = {Material didáctico de Física - 3º ESO},
  url          = {https://www.educamix.com/educacion/3_eso_materiales/prof/bloque_ii/tablas_d_te_tf_internet.pdf},
  note         = {Retrieved June 10, 2025},
  year         = {n.d.}
}

@misc{fisicanet_calor,
  author       = {{FísicaNet}},
  title        = {{Calor específico y calor latente}},
  howpublished = {FísicaNet - Termodinámica},
  url          = {https://www.fisicanet.com.ar/fisica/termodinamica/tb01-calor-especifico-y-latente.php},
  note         = {Retrieved June 10, 2025},
  year         = {n.d.}
}
